@book{RicKoch1999,
author = {Richard Koch},
title = {The 80/20 Principle: The Secret to Achieving More with Less},
publisher = {Crown Business},
year = {1999}
}

@misc{PauRoon2002,
title = {Microsoft's CEO: 80-20 Rule Applies To Bugs, Not Just Features},
author = {Paula Rooney},
year = {2002},
howpublished = "\url{http://www.crn.com}"
}

@book{SteMcCo2004,
author = {Steve McConnell},
title = {Code Complete: A Practical Handbook of Software Construction, 2nd Edition},
publisher = {Microsoft Press},
year = {2004}
}

@misc{01GlowCodeWeb,
title = {The GlowCode 8.2 website},
author = {Electric Software, Inc.},
year = {2011},
howpublished = "\url{http://www.glowcode.com/}"
}

@misc{OCLI,
  author = {Wikipedia},
  title = {.NET Framework},
  howpublished = "\url{http://en.wikipedia.org/wiki/File:Overview_of_the_Common_Language_Infrastructure.svg}",
  year = {2011} 
}



@misc{ProfMSDN,
  author = {Microsoft},
  title = {Profiling (Unmanaged API Reference)},
  howpublished = "\url{http://msdn.microsoft.com/en-us/library/ms404386.aspx}",
  year = {2011} 
}



@misc{ProfMSDNMetaData,
  author = {Microsoft},
  title = {IMetaDataImport Interface API Reference},
  howpublished = "\url{http://msdn.microsoft.com/en-us/library/ms230172.aspx}",
  year = {2011} 
}

@inproceedings{EickSteffen92,
 author = {Eick, Stephen G. and Steffen, Joseph L.},
 title = {Visualizing code profiling line oriented statistics},
 booktitle = {Proceedings of the 3rd conference on Visualization '92},
 series = {VIS '92},
 year = {1992},
 isbn = {0-8186-2896-0},
 location = {Boston, Massachusetts},
 pages = {210--217},
 numpages = {8},
 url = {http://dl.acm.org/citation.cfm?id=949685.949724},
 acmid = {949724},
 publisher = {IEEE Computer Society Press},
 address = {Los Alamitos, CA, USA}
} 



@book{WPF4Unleashed,
author = {Adam Nathan},
title = {WPF 4 Unleashed},
publisher = {Sams},
year = {2010}
}



@book{MVVM2011,
author = {Bob Brumfield, Geoff Cox, David Hill, Brian Noyes, Michael Puleio, Karl Shifflett},
title = {Developer's Guide to Microsoft Prism 4: Building Modular MVVM Applications with Windows Presentation Foundation and Microsoft Silverlight (Patterns and Practices) },
publisher = {Microsoft Press},
year = {2011}
}



@misc{WPFpage,
  author = {Christian Moser},
  title = {WPF Tutorial},
  howpublished = "\url{http://www.wpftutorial.net}",
  year = {2011} 
}
http://mef.codeplex.com/

@misc{MEFpage,
  author = {MEF Community},
  title = {Welcome to the MEF Community Site},
  howpublished = "\url{http://mef.codeplex.com/}",
  year = {2011} 
}